@book{libro,
  author = {Mittelbach, Frank and  Fischer, Ulrike},
  publisher = {Addison-Wesley},
  title = {The \LaTeX\ Companion},
  year = {2023},
  isbn = {978-0138166489},
  edition = {3},
}

@inbook{capitulo,
  title     = {{Getting Started with Cloud Computing: A LITA Guide}},
  author    = {Cervone, H. Frank},
  editor    = {Corrado, Edward M. and  Moulaison, Heather Lea},
  chapter   = {{Cloud Computing: Pros and Cons}},
  publisher = {{Neal-Schuman Publishers, Inc}},
  year      = {2011},
  isbn      = {978-1-55570-749-1},
  pages     = {30-31}
}

% Obtennido desde https://www.doi2bib.org a partir del DOI 10.1007/978-3-031-69583-4_23
@inbook{coleccion,
  title     = {{Cloud-Native GPU-Enabled Architecture for Parallel Video Encoding}},
  isbn      = {9783031695834},
  issn      = {1611-3349},
  opturl    = {http://dx.doi.org/10.1007/978-3-031-69583-4_23},
  doi       = {10.1007/978-3-031-69583-4_23},
  booktitle = {{Euro-Par 2024: Parallel Processing}},
  publisher = {Springer Nature Switzerland},
  author    = {Salcedo-Navarro,  Andoni and Peña-Ortiz,  Raúl and Claver,  José M. and Garcia-Pineda,  Miguel and Gutiérrez-Aguado,  Juan},
  year      = {2024},
  month     = {8},
  pages     = {327–341}
}
 @misc{website,
  author   = {{Microsoft}},
  title    = {{Visual Studio Code}},
  year     = {2023},
  url      = {https://code.visualstudio.com},
  urldate  = {2023-11}
}

@inproceedings{conferencia,
  author     = {Fielding, Roy Thomas and Taylor, Richard N.},
  title      = {Principled Design of the Modern Web Architecture},
  year       = {2000},
  month      = {6},
  isbn       = {1581132069},
  publisher  = {Association for Computing Machinery},
  address    = {New York, NY, USA},
  doi        = {10.1145/337180.337228},
  booktitle  = {Proceedings of the 22nd International Conference on Software Engineering},
  pages      = {407–416},
  numpages   = {10},
  keywords   = {software architectural style, WWW, software architecture},
  location   = {Limerick, Ireland},
  series     = {ICSE '00}
}

@phdthesis{tesis,
  author   = {Fielding, Roy Thomas},
  title    = {{Architectural Styles and the Design of Network-based Software Architectures}},
  school   = {University of California},
  year     = {2000},
  address  = {Irvine},
  url      = {https://www.ics.uci.edu/~fielding/pubs/dissertation/fielding_dissertation.pdf},
}

@article{articulo,
  author     = {Fielding, Roy Thomas and Taylor, Richard N.},
  title      = {{Principled Design of the Modern Web Architecture}},
  year       = {2002},
  publisher  = {{Association for Computing Machinery}},
  address    = {New York, NY, USA},
  volume     = {2},
  number     = {2},
  issn       = {1533-5399},
  doi        = {10.1145/514183.514185},
  journal    = {{ACM Transactions on Internet Technology}},
  month      = {5},
  pages      = {115–150},
  numpages   = {36}
}

@techreport{manual,
  title    = {{Django Documentation}},
  author   = {{Django Software Foundation}},
  month    = {7},
  year     = {2023},
  type     = {Manual},
  number   = {Release 4.1.4},
  url      = {https://buildmedia.readthedocs.org/media/pdf/django/4.1.x/django.pdf},
}

@techreport{informe,
  type        = {Standard},
  key         = {IETF RFC 6455},
  month       = {12},
  year        = {2011},
  title       = {{The WebSocket Protocol}},
  institution = {{Internet Engineering Task Force (IETF)}},
  author      = {Melnikov, Alexey},
  url         = {https://tools.ietf.org/html/rfc6455},
  keywords    = {T7}
}

@techreport{informe-especifico,
  doi       = {10.6028/nist.sp.800-145},
  OPTurl       = {https://doi.org/10.6028/nist.sp.800-145},
  year      = {2011},
  number    = {800-145},
  type      = {{NIST Special Publication}},
  publisher = {National Institute of Standards and Technology},
  author    = {Mell, Peter and Grance, Tim},
  title     = {{The NIST Definition of Cloud Computing}}
}

@mastersthesis{tfg,
  author = {Thuillier Larena, Luis},
  title  = {{Sistema de control de aforos dinámico
            mediante dispositivos IoT}},
  school = {{Escola Tècnica Superior d`Enginyeria - Universitat de València}},
  type   = {{Trabajo Fin de Grado}},
  year   = {2021}
}

@mastersthesis{tfm,
  title  = {{A comparison between agile and traditional software development methodologies}},
  author = {Awad, MA},
  school = {University of Western Australia},
  year   = {2005},
  type   = {{Trabajo Fin de Máster}},
  url    = {https://www.academia.edu/download/58993716/10.1.1.464.609020190422-13963-j0ju8a.pdf}
}

@phdthesis{rpo:tesis-2013,
  title  = {Accurate workload design for web performance evaluation},
  isbn   = {9788490480250},
  OPTurl    = {http://dx.doi.org/10.4995/Thesis/10251/21054},
  doi    = {10.4995/thesis/10251/21054},
  school = {Universitat Politècnica de València},
  author = {Peña Ortiz,  Raúl},
  year   = {2013},
  month = {1},
}

@misc{linkedin,
  title        = {LinkedIn},
  author       = {{LinkedIn Corporation}},
  year         = {2025},
  url          = {https://www.linkedin.com},
  urldate      = {2025-04-18},
  note         = {Sitio web oficial de LinkedIn, red profesional para la búsqueda de empleo y gestión de talento}
}

@misc{infojobs,
  title        = {{InfoJobs}},
  author       = {{InfoJobs S.L.}},
  year         = {2025},
  url          = {https://www.infojobs.net},
  urldate      = {2025-04-18},
  note         = {Sitio web oficial de InfoJobs, plataforma de búsqueda de empleo}
}

@misc{yobalia,
  title        = {{Yobalia}},
  author       = {{Yobalia S.L.}},
  year         = {2025},
  url          = {https://www.yobalia.com},
  urldate      = {2025-04-18},
  note         = {Sitio web oficial de Yobalia, plataforma especializada en ofertas de empleo para promociones, eventos y azafatas}
}

@misc{tinder,
  title        = {{Tinder}},
  author       = {{Tinder Inc.}},
  year         = {2025},
  url          = {https://www.tinder.com},
  urldate      = {2025-04-18},
  note         = {Sitio web oficial de Tinder, aplicación de emparejamiento basada en afinidad}
}

@misc{spotify,
  title        = {{Spotify}},
  author       = {{Spotify Technology S.A.}},
  year         = {2025},
  url          = {https://www.spotify.com},
  urldate      = {2025-04-18},
  note         = {Sitio web oficial de Spotify, plataforma de streaming de música}
}

@misc{shapr,
  title        = {{Shapr}},
  author       = {{Shapr Inc.}},
  year         = {2025},
  url          = {https://www.shapr.co},
  urldate      = {2025-04-18},
  note         = {Sitio web oficial de Shapr, aplicación de networking profesional}
}